%--------------------------------------------------------------------%
% File ini berisi list Daftar Pustaka. Entry pustaka berikut dapat disitasi 
% kedalam badan dokumen menggunakan command \cite{label}
%
% NB: Daftar Pustaka hanya akan memunculkan entry yang disitasi 
% dalam badan dokumen. Jika tidak, maka tidak akan muncul
%--------------------------------------------------------------------%

@book{gaffar2024minyak,
  title={Minyak kelapa dan minyak sawit: Dampak kesehatan, lingkungan, ekonomi dan sosial di balik produksi},
  author={Gaffar, Ummu Habibah and Husen, Osu Oheoputra and Alam, R Ayu Cahyaning and Harwanto, Fatria and Jayadisastra, Yoenita and Pramulya, Rahmat and Anam, Khairul and others},
  year={2024},
  publisher={TOHAR MEDIA}
}

@article{saragih2022pengaruh,
  title={Pengaruh kebijakan Uni Eropa terhadap ekspor kelapa sawit Indonesia},
  author={Saragih, Hendra Maujana and Rahayu, Hanna},
  journal={JPPI (Jurnal Penelitian Pendidikan Indonesia)},
  volume={8},
  number={2},
  pages={296--303},
  year={2022}
}

@article{imaduddin2023analisa,
  title={Analisa Ekspor Minyak Kelapa Sawit Indonesia dan Isu Pembatasan Penggunaan Produk Minyak Kelapa Sawit oleh Uni Eropa},
  author={Imaduddin, Affan Hanif and Nugroho, Lucky and Sugiarti, Dian},
  journal={Trending: Jurnal Manajemen Dan Ekonomi},
  volume={1},
  number={3},
  pages={163--181},
  year={2023}
}

@phdthesis{syafrianda2024analisis,
  title={ANALISIS KELAYAKAN FINANSIAL PERKEBUNAN KELAPA SAWIT SIKLUS KE-2 DAN INTEGRASINYA DENGAN USAHATANI JAGUNG DI DESA LAMPISI (Studi Kasus: KUD Sawit Kita)},
  author={SYAFRIANDA, SYAFRIANDA and WAHYUNI, IRA and ROZAINA, NINGSIH},
  year={2024},
  school={AGRIBISNIS}
}

@article{lisnawita2024peningkatan,
  title={Peningkatan Kemampuan Tentang Penyakit Kelapa Sawit Akibat Serangn Patogen Ganoderma boninense Melalui Kegiatan Penyuluhan Lapangan},
  author={Lisnawita, Lisnawita and Saragih, Wismaroh Sanniwati and Tantawi, Ahmad Rafiqi and Hanum, Hamidah and Sitepu, Suzanna Fitriani and Safni, Irda and Lubis, Khairunnisa},
  journal={Journal Of Human And Education (JAHE)},
  volume={4},
  number={1},
  pages={505--508},
  year={2024}
}

@article{harahap2024optimalisasi,
  title={Optimalisasi Strategi Pengendalian Bercak Daun Curvularia sp. pada Pembibitan Kelapa Sawit di Desa Binanga},
  author={Harahap, Munawir Sajali and Siregar, Emmi Juwita and Lubis, Mustopa Husein and Harahap, Ali Hamdani and Lubis, Januardi Rosyidi and Gunung, Tar Muhammad Raja},
  journal={Jurnal Masyarakat Indonesia (Jumas)},
  volume={3},
  number={02},
  pages={73--79},
  year={2024}
}

@phdthesis{napitupulu2022ta,
  title={TA: Pengendalian Penyakit Bercak Daun (Curvularia Sp.) Pada Main Nursery Kelapa Sawit (Elaeis guineensis Jacq.) Dengan Metode Sanitasi},
  author={Napitupulu, Agum Panogari},
  year={2022},
  school={Politeknik Negeri Lampung}
}

@phdthesis{marcelian2023identifikasi,
  title={IDENTIFIKASI DAN PERSENTASE SERANGAN PATOGEN PENYAKIT PADA PEMBIBITAN UTAMA TANAMAN KELAPA SAWIT (Elaeis guineensis Jacq) DI DESA PEMATANG PAUH KECAMATAN TUNGKAL ULU KABUPATEN TANJUNG JABUNG BARAT},
  author={MARCELIAN, SHERLY and others},
  year={2023},
  school={Universitas Batanghari Jambi}
}

@phdthesis{pakiding2025implementasi,
  title={IMPLEMENTASI COMPUTER VISION DALAM MENDETEKSI PENYAKIT PADA TANAMAN CABAI DAN TOMAT MENGGUNAKAN METODE CNN},
  author={PAKIDING, DERIS and others},
  year={2025},
  school={Universitas Muhammadiyah Parepare}
}

@article{yunianto2021klasifikasi,
  title={Klasifikasi Kanker Paru Paru Menggunakan Na{\"\i}ve Bayes Dengan Variasi Filter Dan Ekstraksi Ciri Gray Level Co-Occurance Matrix (GLCM)},
  author={Yunianto, Mohtar and Anwar, F and Septianingsih, D Nur and Ardyanto, T Dwi and Pradana, R Farits},
  journal={Indonesian Journal of Applied Physics},
  volume={11},
  number={2},
  pages={256--268},
  year={2021}
}

@phdthesis{elvira2021klasifikasi,
  title={Klasifikasi Citra Daun Kelapa Sawit Yang Terkena Dampak Hama Menggunakan Metode K-Nearest Neighbor (KNN)},
  author={Elvira, Dwi},
  year={2021},
  school={Universitas Islam Riau}
}

@mastersthesis{sukmanapeningkatan,
  title={Peningkatan performa klasifikasi jenis kopra menggunakan algoritma k-nearest neighbour berdasarkan esktrasi fitur},
  author={Sukmana, Husni Teja and Khairani, Dewi and others},
  type={{B.S.} thesis},
  school={Fakultas Sains dan Teknologi UIN Syarif HIdayatullah Jakarta}
}

@article{afriansyah2024algoritma,
  title={Algoritma Naive Bayes Yang Efisien Untuk Klasifikasi Buah Pisang Raja Berdasarkan Fitur Warna},
  author={Afriansyah, M and Saputra, Joni and Ardhana, Valian Yoga Pudya and Sa'adati, Yuan},
  journal={Journal of Information Systems Management and Digital Business},
  volume={1},
  number={2},
  pages={236--248},
  year={2024}
}

@article{rianasari2022classification,
  title={The classification of mushroom types using Na{\"\i}ve Bayes and principal component analysis},
  author={Rianasari, Deby and Triana, Meina Noor and Dewi, Milla Rosiana and Astutik, Yulia and others},
  journal={JISA (Jurnal Informatika dan Sains)},
  volume={5},
  number={2},
  pages={124--130},
  year={2022}
}

@article{prayoga2019implementasi,
  title={Implementasi metode na{\"\i}ve bayes classifier untuk identifikasi jenis jamur},
  author={Prayoga, Septian Arie and Nawangsih, Ismasari and Wiyatno, Tri Ngudi},
  journal={Pelita Teknologi},
  volume={14},
  number={2},
  pages={134--144},
  year={2019}
}

@article{nainggolan2022identifikasi,
  title={Identifikasi Penyakit Tanaman Tomat Berdasarkan Citra Penyakit Menggunakan Metode GLCM dan Na{\"\i}ve Bayes Classifier},
  author={Nainggolan, Ardi and Rumapea, Humuntal and Silalahi, Arina Prima and Sidauruk, Lamria and Sinambela, Marzuki},
  journal={Methotika: Jurnal Ilmiah Teknik Informatika},
  volume={2},
  number={1},
  pages={22--28},
  year={2022}
}

@inproceedings{febriana2021perbandingan,
  title={Perbandingan Klasifikasi Naive-Bayes dan KNN untuk Mengidentifikasi Jenis Buah Apel dengan Ekstraksi Ciri LBP dan HSV},
  author={Febriana, Felicia and Riva, Laurenza Setiana and Piero, Rafael Salomo Sahat and Ikramsyah, Muhammad Aldy and Santoni, Mayanda Mega},
  booktitle={Prosiding Seminar Nasional Mahasiswa Bidang Ilmu Komputer dan Aplikasinya},
  volume={2},
  number={2},
  pages={191--201},
  year={2021}
}

@article{dwiputra2024perancangan,
  title={Perancangan Mesin Klasifikasi Menggunakan Particle Swarm Optimization},
  author={Dwiputra, Made Agus and Wijaya, I Gede Pasek Suta and Dwiyansaputra, Ramaditia},
  journal={Journal of Computer Science and Informatics Engineering (J-Cosine)},
  volume={8},
  number={2},
  year={2024}
}

@article{patmawatioptimalisasi,
  title={OPTIMALISASI RUTE DISTRIBUSI MATRAS SPRING BED DENGAN MENGGUNAKAN ALGORITMA GENETIKA PADA PENYELESAIAN CAPACITATED VEHICLE ROUTING PROBLEM},
  author={Patmawati, Hester and Nugroho, Yohanes Anton}
}

@article{ozsoy2020use,
  title={Use of the heuristic optimization in the parameter estimation of generalized gamma distribution: comparison of GA, DE, PSO and SA methods},
  author={{\"O}zsoy, Volkan Soner and {\"U}nsal, Mehmet G{\"u}ray and {\"O}rkc{\"u}, H Hasan},
  journal={Computational Statistics},
  volume={35},
  number={4},
  pages={1895--1925},
  year={2020},
  publisher={Springer}
}

@article{manurung2024implementasi,
  title={Implementasi Deep Learning untuk Menentukan Harga Buah Sawit},
  author={Manurung, Romtika and Sihombing, Volvo and Hasibuan, Mila Nirmala Sari},
  journal={INFORMATIKA},
  volume={12},
  number={3},
  pages={427--436},
  year={2024}
}

@article{junisthia2023integrasi,
  title={Integrasi Particle Swarm Optmization Dengan Na{\"\i}ve Bayes Untuk Memprediksi Tanaman Cabai},
  author={Junisthia, Sherin and Isro’Mukti, Yogi and Gusmaliza, Debi},
  journal={Jurnal Pustaka AI (Pusat Akses Kajian Teknologi Artificial Intelligence)},
  volume={3},
  number={1},
  pages={42--46},
  year={2023}
}

@article{mulyana2022optimasi,
  title={Optimasi Klasifikasi Bunga Kantong Semar Dengan Menggunakan Algoritma Na{\"\i}ve Bayes, Data Augmentasi Dan PSO},
  author={Mulyana, Dadang Iskandar and herdi Hartanto, Herdiyansyah and Yel, Mesra Betty},
  journal={Swabumi},
  volume={10},
  number={2},
  pages={167--174},
  year={2022}
}

@article{10.31294/swabumi.v9i2.11217,
	author = {Evy Priyanti},
	title = {Peningkatan Algoritma Naïve Bayes Menggunakan Algoritma Genetika pada Klasifikasi Bakteri},
	number = {2},
	volume = {9},
	journal = {Jurnal Khatulistiwa Informatika},
	month = {12},
	year = {2021},
	abstract = {In previous studies, only using the nave Bayes algorithm and resulted in an accuracy value of 80.93% and currently the accuracy value will be increased by using a genetic algorithm. Learning patterns in genetic algorithms can inform new entrants or new classifications with a Faster time. Difficulties in the configuration that exist in nave Bayes can be helped by this genetic algorithm in addition to being able to provide adequate modeling to describe the system. Bacteria consists of three classifications of bacteria: based on how they obtain food, based on gram staining, and based on their shape. In this bacterial data, which consists of numerical parameters containing the sequence name, Mcg, gvh, Lip, chg, aac, alm1, alm2 and a class distributron of 336 attributes, in the class distribution there are 8 protein classes classified, namely cytoplasm (cp), membrane inside without signal sequence (im), perisplasm (pp), inside membrane with uncleavable signal sequence (IMU), outer membrane (om), outer membrane lipoprotein (OML), inside membrane lipoprotein (IML), inner membrane with cleavable signal sequence ( STI). The results of this study resulted in an accuracy value of 81.19%. Thus, it is proven that the performance of the nave Bayes algorithm can be improved by using a genetic algorithm for bacterial classification},
	doi = {10.31294/swabumi.v9i2.11217},
	pages = {85--88},
}

@article{abdullah2024potensi,
  title={Potensi Ekspor Crude Palm Oil (Cpo) Di Indonesia},
  author={Abdullah, Sayyidatul Lutfiah and Akbariyah, Anisah Fadliyah and Wikansari, Rinandita},
  journal={Journal of Science and Social Research},
  volume={7},
  number={1},
  pages={61--67},
  year={2024}
}

@phdthesis{rejeki2023analisis,
  title={ANALISIS FAKTOR YANG MEMPENGARUHI VOLUME EKSPOR CRUDE PALM OIL (CPO) INDONESIA DI PASAR INTERNASIONAL},
  author={Rejeki, Dina Sri},
  year={2023},
  school={UNIVERSITAS JAMBI}
}

@book{christian2019industri,
  title={Industri Oleokimia Berbasis Kelapa Sawit},
  author={Christian, Andy and ST \& Wasis Setiadi, ST},
  year={2019},
  publisher={Rasibook}
}

@article{puspitawati2024analisis,
  title={ANALISIS PRODUKTIVITAS TENAGA KERJA KELAPA SAWIT PT. DAMAI JAYA LESTARI DI KECAMATAN WIWIRANO KABUPATEN KONAWE UTARA},
  author={Puspitawati, Dewa Ayu and Muthalib, Abd Azis and Tamburaka, Irmawatty P},
  journal={JURNAL EKONOMI},
  volume={9},
  number={3},
  pages={97--103},
  year={2024}
}

@article{kurniasih2021sistem,
  title={Sistem replanting kelapa sawit, opportunity pendapatan kelapa sawit dan tingkat kesejahteraan petani pada masa replanting di perkebunan kelapa sawit rakyat kabupaten Lampung Tengah},
  author={Kurniasih, Ria and Ismono, Raden Hanung and Endaryanto, Teguh},
  journal={Jurnal Ilmu-Ilmu Agribisnis},
  volume={9},
  number={2},
  pages={309--316},
  year={2021}
}

@article{muflihani2024analisis,
  title={Analisis Sistem Agribisnis Pada Tanaman Kelapa Sawit Rakyat: Analysis Of Agribusiness Systems In Smallholder Palm Oil Plantations},
  author={Muflihani, Andra Rizky and Mulyasari, Gita and Yuliarso, M Zulkarnain and Sulistyowati, Endang},
  journal={Journal: Agricultural Review},
  volume={3},
  number={2},
  pages={82--95},
  year={2024}
}

@article{lalang2016inventarisasi,
  title={Inventarisasi Penyakit Bercak Daun (Curvularia sp.) Di Pembibitan Kelapa Sawit PT Ketapang Hijau Lestari--2 Kampung Abit Kecamatan Mook Manaar Bulatn Kabupaten Kutai Barat. Penelitian ini bertujuan untuk mengetahui frekuensi dan intensitas serangan penya},
  author={Lalang, Elizabeth and Syahfari, Helda and Jannah, Noor},
  journal={Agrifor},
  volume={15},
  number={1},
  pages={23--28},
  year={2016}
}

@article{agustina2019rapid,
  title={Rapid inoculation technique and biological control of leaf spot disease in oil palm},
  author={Agustina, Delia and Prihatna, Cahya and Suwanto, Antonius},
  journal={International Journal of Oil Palm},
  volume={2},
  number={1},
  pages={1--11},
  year={2019}
}

@article{suhesti2022analisis,
  title={Analisis Tingkat Kerusakan Serangan Hama dan Penyakit Dipersemaian BPDASHL Indragiri Rokan Pekanbaru},
  author={Suhesti, Eni and Ervayenri, Ervayenri and others},
  journal={Wahana Forestra: Jurnal Kehutanan},
  volume={17},
  number={1},
  pages={85--101},
  year={2022}
}

@book{malado2024pengendalian,
  title={Pengendalian Hama dan Penyakit Tanaman Pertanian},
  author={Malado, Mario and Purnamasari, Risa and Nuryono, Nuryono and Monica, Rizqy Dimas and Lestari, Sri and Bahri, Saiful and Putri, Kartika Aprilia and Palupi, Dian and Suhadi, Suhadi and Faizah, Hanik and others},
  year={2024},
  publisher={CV. Gita Lentera}
}

@article{afriliya2019keanekaragaman,
  title={Keanekaragaman Jenis-Jenis Penyakit dan Cara Pengendaliannya di Pembibitan Kelapa Sawit (Elaeis Guinensis Jacq) PT. Perkebunan Nusantara I Langsa},
  author={Afriliya, Ferina},
  journal={Biologica Samudra},
  volume={1},
  number={1},
  pages={34--40},
  year={2019}
}

@article{rahayu2023penyakit,
  title={Penyakit Tanaman Akibat Defisiensi Unsur Hara},
  author={Rahayu, Yuni Sri and Dewi, Sari Kusuma},
  year={2023}
}

@book{syahfari2024buku,
  title={Buku Ajar Dasar-Dasar Perlindungan Tanaman},
  author={Syahfari, Helda and Ramayana, A Syamad},
  year={2024},
  publisher={Penerbit NEM}
}

@article{hanik2024identification,
  title={Identification of Pests and Diseases on Anthurium Jemani Ornamental Plants in the Ngledoksari Tawangmangu Tourism},
  author={Hanik, Nur Rokhimah and Fitriani, Rindi Diah Ayu and Oktavianingtyas, Desty},
  journal={Jurnal Biologi Tropis},
  volume={24},
  number={1},
  pages={563--571},
  year={2024}
}

@phdthesis{aziz2024analisis,
  title={ANALISIS ALGORITMA MACHINE LEARNING NAIVE BAYES UNTUK KLASIFIKASI PENYAKIT PADA DATA PASIEN DI PUSKESMAS GUNUNG SELAMAT},
  author={AZIZ, TENGKU IRWAN and others},
  year={2024},
  school={Universitas Labuhanbatu}
}

@article{watratan2020implementasi,
  title={Implementasi Algoritma Naive Bayes Untuk Memprediksi Tingkat Penyebaran Covid-19 Di Indonesia},
  author={Watratan, Alvina Felicia and Moeis, Dikwan and others},
  journal={Journal of Applied Computer Science and Technology},
  volume={1},
  number={1},
  pages={7--14},
  year={2020}
}

@inproceedings{Muhamad2017OptimasiNB,
  title={Optimasi Na{\"i}ve Bayes Classifier Dengan Menggunakan Particle Swarm Optimization Pada Data Iris},
  author={Husin Muhamad and Cahyo Adi Prasojo and Nur Afifah Sugianto and Listiya Surtiningsih and Imam Cholissodin},
  year={2017},
  url={https://api.semanticscholar.org/CorpusID:125436593}
}

@article{Riza2025KlasifikasiVK,
  title={Klasifikasi Varietas Kopi Berdasarkan Kondisi Tanah dan Suhu Menggunakan Algoritma Gaussian Na{\"i}ve Bayes},
  author={Fahrur Riza and Safwandi Safwandi and Said Fadlan},
  journal={Jurnal Algoritma},
  year={2025},
  url={https://api.semanticscholar.org/CorpusID:279763765}
}

@article{Zahro2020OptimasiRute,
  title={OPTIMASI RUTE PENGANTARAN PAKET MENGGUNAKAN METODE GENETIC ALGORITHM (GA)},
  author={Hani Zulfia Zahro' and Santi Wahyuni and Febriana},
  journal={Industri Inovatif : Jurnal Teknik Industri},
  volume={10},
  number={1},
  pages={41--44},
  year={2020},
  month={Jun},
  doi={10.36040/industri.v10i1.2527},
  url={https://ejournal.itn.ac.id/industri/article/view/2527}
}

@article{Transmisi68957,
    author = {Nadio Rodicky dan Sopian Soim dan Suzan Zefi},
    title = {SELEKSI FITUR DENGAN GENETIKA ALGORITHM UNTUK OPTIMASI RANDOM FOREST DALAM MENGKLASIFIKASI TENTANG JENIS PENGGUNAAN INTERNET},
    journal = {Transmisi: Jurnal Ilmiah Teknik Elektro},
  volume = {27},
    number = {3},
    year = {2025},
    keywords = {Klasifikasi jenis penggunaan internet;seleksi fitur; algoritma genetika; Random Forest; akurasi;},
    url = {https://ejournal.undip.ac.id/index.php/transmisi/article/view/68957}
}

@article{saputro2015implementasi,
  title={Implementasi algoritma genetika untuk optimasi penggunaan lahan pertanian},
  author={Saputro, Harim Adi and Mahmudy, Wayan Firdaus and Dewi, Candra},
  journal={Jurnal Mahasiswa PTIIK},
  volume={5},
  number={12},
  pages={12},
  year={2015}
}

@article{naufal2025optimization,
  title={Optimization of Distribution Routes Using the Genetic Algorithm in the Traveling Salesman Problem},
  author={Naufal, Rahmad and Hasibuan, Muhammad Siddik},
  journal={Journal of Applied Informatics and Computing},
  volume={9},
  number={1},
  pages={211--220},
  year={2025}
}

@inproceedings{Matousek2008GeneticAA,
  title={Genetic Algorithm and Advanced Tournament Selection Concept},
  author={Radomil Matousek},
  booktitle={Nature Inspired Cooperative Strategies for Optimization},
  year={2008},
  url={https://api.semanticscholar.org/CorpusID:10778323}
}

@inproceedings{Pachuau2020AnOO,
  title={An Overview of Crossover Techniques in Genetic Algorithm},
  author={Joseph L. Pachuau and Arnab Roy and Anish Kumar Saha},
  booktitle={International Conference on Modeling, Simulations and Optimizations},
  year={2020},
  url={https://api.semanticscholar.org/CorpusID:237206765}
}

@inproceedings{Fadhilah2016RepresentasiMU,
  title={Representasi Matriks untuk Proses Crossover Pada Algoritma Genetika untuk Optimasi Travelling Salesman Problem},
  author={Ismi Fadhilah and Yurika Permanasari and Erwin Hotmansyah Harahap},
  year={2016},
  url={https://api.semanticscholar.org/CorpusID:125974151}
}

@inproceedings{Muliantara2013ANALISISDI,
  title={ANALISIS DAN IMPLEMENTASI PENJADWALAN DENGAN MENGGUNAKAN PENGEMBANGAN MODEL CROSSOVER DALAM ALGORITMA GENETIKA},
  author={Agus Muliantara},
  year={2013},
  url={https://api.semanticscholar.org/CorpusID:60522895}
}

@article{Ongko2017,
  author    = {Erianto Ongko},
  title     = {Analisis Pengaruh Mutasi Terhadap Performance Algoritma Genetika},
  journal   = {Jurnal Teknik Informatika Kaputama (JTIK)},
  volume    = {1},
  number    = {1},
  year      = {2017},
  month     = {Januari},
  issn      = {2548-9704},
  pages     = {46--51},
  publisher = {Akademi Teknologi Industri Immanuel},
  address   = {Medan, Indonesia},
  url       = {},
  note      = {}
}

@article{Juneja2016ParticleSO,
  title={Particle swarm optimization algorithm and its parameters: A review},
  author={Mudita Juneja and Shyam Krishna Nagar},
  journal={2016 International Conference on Control, Computing, Communication and Materials (ICCCCM)},
  year={2016},
  pages={1-5},
  url={https://api.semanticscholar.org/CorpusID:43741884}
}

@inproceedings{Santosa2006TUTORIALPS,
  title={TUTORIAL PARTICLE SWARM OPTIMIZATION},
  author={Budi Santosa},
  year={2006},
  url={https://api.semanticscholar.org/CorpusID:113276769}
}

@incollection{Cai09,
  author = {Xingjuan Cai and Zhihua Cui and Jianchao Zeng and Ying Tan},
  title = {Individual Parameter Selection Strategy for Particle Swarm Optimization},
  booktitle = {Particle Swarm Optimization},
  publisher = {IntechOpen},
  address = {Rijeka},
  year = {2009},
  editor = {Aleksandar Lazinica},
  chapter = {5},
  doi = {10.5772/6742},
  url = {https://doi.org/10.5772/6742}
}

@article{Yeh2008,
  author  = {Wei-Chang Yeh},
  title   = {A Simple Hybrid Particle Swarm Optimization},
  journal = {Advances in Evolutionary Algorithms},
  year    = {2008},
  pages   = {115--126},
  publisher = {InTech},
  url     = {http://www.intechopen.com/books/advances_in_evolutionary_algorithms/a_simple_hybrid_particle_swarm_optimization}
}

@article{dijaya2023buku,
  title={Buku ajar pengolahan citra digital},
  author={Dijaya, Rohman and Setiawan, Hamzah},
  journal={Umsida Press},
  pages={1--85},
  year={2023}
}

@article{fathoni2023analisis,
  title={ANALISIS MEDIAN FILTER TERHADAP REDUKSI NOISE PADA CITRA DIGITAL: MEDIAN FILTER TERHADAP REDUKSI NOISE PADA CITRA DIGITAL},
  author={Fathoni, Andi Muhammad and Cahyono, Edi and Ransi, Natalis and others},
  journal={Jurnal Matematika Komputasi dan Statistika},
  volume={3},
  number={3},
  pages={491--499},
  year={2023}
}

@article{saputraperbandingan,
  title={Perbandingan Ruang Warna RGB, HSV Dan Ycbcr Untuk Segmentasi Citra Ikan Kembung Menggunakan K-Means Clustering},
  author={Saputra, Rizal Adha},
  journal={JATI (Jurnal Mahasiswa Teknik Informatika)}
}

@article{himmah2020identifikasi,
  title={Identifikasi kematangan buah kelapa sawit berdasarkan warna RGB dan HSV menggunakan metode K-Means clustering},
  author={Himmah, Elok Faiqotul and Widyaningsih, Maura and Maysaroh, Maysaroh},
  journal={Jurnal Sains Dan Informatika},
  volume={6},
  number={2},
  pages={193--202},
  year={2020}
}

@book{fitriyah2021dasar,
  title={Dasar-Dasar Pengolahan Citra Digital},
  author={Fitriyah, Hurriyatul and Wihandika, Randy Cahya},
  year={2021},
  publisher={Universitas Brawijaya Press}
}

@phdthesis{nurhadi2024sistem,
  title={SISTEM ESTIMASI MASSA TANDAN BUAH SEGAR KELAPA SAWIT MENGGUNAKAN CITRA UNMANNED AERIAL VEHICLE DENGAN MODEL RANDOM FOREST REGRESSION= Fresh Fruit Bunch Mass Estimation System for Oil Palm Using Unmanned Aerial Vehicle Imagery with Random Forest Regression Model},
  author={Nurhadi, Muhammad Ijlal and others},
  year={2024},
  school={Universitas Hasanuddin}
}

@misc{marpaung2022computer,
  title={Computer Vision Dan Pengolahan Citra Digital},
  author={Marpaung, Faridawaty and Aulia, Fitrahuda and Nabila, Rinjani Cyra and others},
  year={2022},
  publisher={PUSTAKA AKSARA}
}

@article{burhanuddin2024klasifikasi,
  title={KLASIFIKASI penyakit padi melalui citra daun menggunakan metode naive bayes},
  author={Burhanuddin, Rahmi Rahmi},
  journal={Jurnal Informatika dan Teknik Elektro Terapan},
  volume={12},
  number={2},
  year={2024}
}

@article{pribadi2022deteksi,
  title={Deteksi Penyakit Sawit Menggunakan Metode Deep Learning},
  author={Pribadi, Antoni and Kurniawan, Ade},
  journal={Jurnal Sains Dan Ilmu Terapan},
  volume={5},
  number={2},
  pages={72--76},
  year={2022}
}

@article{alwy2023klasifikasi,
  title={Klasifikasi penyakit pada padi dengan ekstraksi fitur LBP dan GLCM},
  author={Alwy, Ananta Dwi Prayoga and Wahid, M Syahid Nur and Ag, Bukhari Naufal Nur and Fakhri, M Miftach},
  journal={Journal of Deep Learning, Computer Vision and Digital Image Processing},
  pages={1--10},
  year={2023}
}

@article{yohannes2023klasifikasi,
  title={Klasifikasi Motif Songket Palembang menggunakan Support Vector Machine berdasarkan Histogram of Oriented Gradients},
  author={Yohannes, Yohannes and Al Rivan, Muhammad Ezar and Devella, Siska and Meiriyama, Meiriyama},
  journal={Jurnal Teknologi Terpadu},
  volume={9},
  number={2},
  pages={143--149},
  year={2023}
}
@inproceedings{sinaga2024klasifikasi,
  title={KLASIFIKASI CITRA BATIK SUMATERA MENGGUNAKAN NA{\"I}VE BAYES BERBASIS FITUR EKSTRAKSI GLCM},
  author={Sinaga, Daurat and Jatmoko, Cahaya},
  booktitle={Seminar Nasional Riset dan Inovasi Teknologi (SEMNAS RISTEK)},
  volume={8},
  number={01},
  year={2024}
}

@article{hanafi2025analisis,
  title={Analisis Fitur Citra untuk Deteksi Kanker Prostat Menggunakan GLCM dan T-Test},
  author={Hanafi, Mhd and Setiawan, Hendra and Jusman, Yessi},
  journal={Medika Teknika: Jurnal Teknik Elektromedik Indonesia},
  volume={6},
  number={2},
  pages={62--81},
  year={2025}
}

@article{diana2023penggunaan,
  title={Penggunaan teknologi machine learning untuk pelayanan monitoring kegiatan belajar mengajar pada SMK Bina Sriwijaya Palembang},
  author={Diana, Rosita and Warni, Heri and Sutabri, Tata},
  journal={Jurnal Teknik Informatika (JUTEKIN)},
  volume={11},
  number={1},
  year={2023}
}

@article{wijayaimplementasi,
  title={IMPLEMENTASI ALGORITMA ADAPTIVE THRESHOLDING DAN K-MEANS CLUSTERING SEBAGAI METODE SEGMENTASI CITRA DAUN BAWANG MERAH HALAMAN JUDUL SKRIPSI},
  author={WIJAYA, FIRMANSYAH MUKTI}
}

@article{vratiwi2024penerapan,
  title={Penerapan Metode Na{\"\i}ve Bayes Pada Sistem Penunjang Keputusan Bibit Unggul Kelapa Sawit},
  author={Vratiwi, Septiana},
  journal={Jurnal Pustaka AI Vol},
  volume={4},
  number={2},
  pages={31--37},
  year={2024}
}

@phdthesis{syatriawan2025penerapan,
  title={Penerapan Metode Decision Tree Cart Untuk Klasifikasi Penyakit Pada Tanaman Kelapa Sawit},
  author={Syatriawan, Alfin},
  year={2025},
  school={Universitas Malikussaleh}
}

@article{rijal2024deteksi,
  title={Deteksi Citra Daun untuk Klasifikasi Penyakit Padi menggunakan Pendekatan Deep Learning dengan Model CNN},
  author={Rijal, Muhammad and Yani, Andi Muhammad and Rahman, Abdul},
  journal={Jurnal Teknologi Terpadu},
  volume={10},
  number={1},
  pages={56--62},
  year={2024}
}

@article{saepudin2024analisis,
  title={ANALISIS KINERJA YOLOV8 OPTIMALISASI ROBOFLOW UNTUK DETEKSI EKSPRESI WAJAH EMOSIONAL DENGAN MACHINE LEARNING},
  author={Saepudin, Saepudin and Sujana, Nana and Mutoffar, Muhamad Malik and Haryanto, Alfian Azzam},
  journal={Naratif: Jurnal Nasional Riset, Aplikasi dan Teknik Informatika},
  volume={6},
  number={2},
  pages={115--124},
  year={2024}
}

@article{wahyuni2024transformasi,
  title={Transformasi Data Statistik Menjadi Visual Interaktif Menggunakan Streamlit: Studi Kasus BPS Kota Mojokerto},
  author={Wahyuni, Eka Dyar and Sari, Reisa Permata and others},
  journal={Jurnal Kridatama Sains dan Teknologi},
  volume={6},
  number={02},
  pages={804--822},
  year={2024}
}